@online{hcc-ueber-uns,
  author  = {Hessisches Competence Center},
  title   = {Ãœber uns},
  urldate = {2023-02-19},
  url     = {https://hcc.hessen.de/ueber-uns}
}