% Hier erfolgt die Eintragung in der Arbeit verwendeter Literatur.

@online{ctan,
  author  = {CTAN},
  title   = {The Comprehensive TeX Archive Network},
  urldate = {2023-02-19},
  url     = {https://ctan.org/?lang=en}
}